% Papers

@inproceedings{bortolozzo2010attacking,
  title={Attacking and fixing PKCS\# 11 security tokens},
  author={Bortolozzo, Matteo and Centenaro, Matteo and Focardi, Riccardo and Steel, Graham},
  booktitle={Proceedings of the 17th ACM conference on Computer and communications security},
  pages={260--269},
  year={2010},
  organization={ACM}
}

@inproceedings{clulow2003security,
  title={On the security of PKCS\# 11},
  author={Clulow, Jolyon},
  booktitle={International Workshop on Cryptographic Hardware and Embedded Systems},
  pages={411--425},
  year={2003},
  organization={Springer}
}

@inproceedings{reprove,
  title={Getting to know your card: reverse-engineering the smart-card application protocol data unit},
  author={Gkaniatsou, Andriana and McNeill, Fiona and Bundy, Alan and Steel, Graham and Focardi, Riccardo and Bozzato, Claudio},
  booktitle={Proceedings of the 31st Annual Computer Security Applications Conference},
  pages={441--450},
  year={2015},
  organization={ACM}
}

@inproceedings{apdu:attacks,
  title={APDU-Level Attacks in PKCS\# 11 Devices},
  author={Bozzato, Claudio and Focardi, Riccardo and Palmarini, Francesco and Steel, Graham},
  booktitle={International Symposium on Research in Attacks, Intrusions, and Defenses},
  pages={97--117},
  year={2016},
  organization={Springer}
}

@article{rsa1978,
  title={A method for obtaining digital signatures and public-key cryptosystems},
  author={Rivest, Ronald L and Shamir, Adi and Adleman, Leonard},
  journal={Communications of the ACM},
  volume={21},
  number={2},
  pages={120--126},
  year={1978},
  publisher={ACM}
}

@article{standard2002fips,
  title={FIPS PUB 180-2},
  author={Standard, Secure Hash},
  journal={National Institute of Standards and Technology},
  year={2002}
}

@inproceedings{shinde2008faster,
  title={Faster RSA algorithm for decryption using Chinese remainder theorem},
  author={Shinde, GN and Fadewar, HS},
  booktitle={International Conference on Computational and Experimental Engineering and Sciences (ICCES)},
  volume={5},
  number={4},
  pages={255--262},
  year={2008}
}

@article{diffie1976new,
  title={New directions in cryptography},
  author={Diffie, Whitfield and Hellman, Martin},
  journal={IEEE transactions on Information Theory},
  volume={22},
  number={6},
  pages={644--654},
  year={1976},
  publisher={IEEE}
}

@book{hankerson2006guide,
  title={Guide to elliptic curve cryptography},
  author={Hankerson, Darrel and Menezes, Alfred J and Vanstone, Scott},
  year={2006},
  publisher={Springer Science \& Business Media}
}

@article{krawczyk1997rfc,
  title={RFC 2104: HMAC: Keyed-hashing for message authentication},
  author={Krawczyk, Hugo and Bellare, Mihir and Canetti, Ran},
  year={1997},
  publisher={IETF, February}
}

@techreport{song2006aes,
  title={The aes-cmac algorithm},
  author={Song, Junhyuk and Poovendran, Radha and Lee, Jicheol and Iwata, Tetsu},
  year={2006}
}

@techreport{m2005hotp,
  title={Hotp: An hmac-based one-time password algorithm},
  author={M'raihi, D and Bellare, M and Hoornaert, F and Naccache, D and Ranen, O},
  year={2005}
}

@techreport{m2011totp,
  title={Totp: Time-based one-time password algorithm},
  author={M'Raihi, David and Machani, S and Pei, M and Rydell, J},
  year={2011}
}

@book{jurgensen2002smart,
  title={Smart cards: the developer's toolkit},
  author={Jurgensen, Timothy M and Guthery, Scott B},
  year={2002},
  publisher={Prentice Hall Professional}
}

@article{kaliski1993layman,
  title={A Layman's Guide to a Subset of ASN. 1, BER, and DER},
  author={Kaliski Jr, Burton S},
  year={1993},
  publisher={Citeseer}
}






%--------------------------------------------------------------------------------------------------------
% Website

@manual{ex,
      title  = "OASIS PKCS 11 TC",
      author = "Oasis Technical Committee",
      note    = "https://www.oasis-open.org/committees/tc$\_$home.php?wg$\_$abbrev=pkcs11",
      year   = "(accessed October 15, 2016)"
    }
    



@manual{pkcs11:oasis,
      title  = "Cryptsoft PKCS 11 Cryptographic Token Interface Standard",
      author = "Cryptsoft",
      note    = "https://www.cryptsoft.com/pkcs11doc/",
      year   = "(accessed October 15, 2016)"
    }

@manual{pkcs11:rsaLab,
      title  = "PKCS $\#$11 v2.20: Cryptographic Token Interface Standard",
      author = "RSA Laboratories",
      year   = "June 28, 2004"
    }

@manual{iso7816,
      title  = " International Organization for Standardization and the International Electrotechnical Commission 7816",
      author = "ISO/IEC",
      year   = "1987 - 2013"
    }

@manual{Xiao,
      title  = "Finding Vulnerabilities In Low Level Protocols",
      author = "Lan Xiao",
      year   = "2016"
    }
    
@manual{eccimage,
      title  = "ECC Image Source",
      author = "",
      note    = "http://bitcoin.stackexchange.com/questions/37289/in-elliptic-curve-addition-where-does-the-second-point-come-from",
      year   = "(accessed April 6, 2017)"
    }
    
    
@manual{ecbcbcimage,
      title  = "Block Cipher Modes Image Source",
      author = "",
      note    = "https://en.wikipedia.org/wiki/Block$\_$cipher$\_$mode$\_$of$\_$operation",
      year   = "(accessed April 6, 2017)"
    }

@manual{cmacimage,
      title  = "CMAC Image Source",
      author = "",
      note    = "https://en.wikipedia.org/wiki/One-key$\_$MAC",
      year   = "(accessed April 6, 2017)"
    }
    

@manual{pcsc-lite,
      title  = "PCSC-lite",
      author = "Ludovic Rousseau",
      note    = "https://pcsclite.alioth.debian.org/",
      year   = "(accessed October 1, 2016)"
    }

@manual{vpcd,
      title  = "Virtual Smartcard Reader",
      author = "Frank Morgner",
      note    = "https://frankmorgner.github.io/vsmartcard/virtualsmartcard/README.html",
      year   = "(accessed December 15, 2016)"
    }



%--------------------------------------------------------------------------------------------------------
% Images




%\bibitem{virtual smartcard}
%Frank Morgner : Creating a Virtual Smart Card\\
%\texttt{https://frankmorgner.github.io/vsmartcard/virtualsmartcard/README.html}\\
%%\href{https://frankmorgner.github.io/vsmartcard/virtualsmartcard/README.html}{link}

%\bibitem{OCRA}
%Internet Engineering Task Force (IETF).\\
%\textit{OCRA: OATH Challenge-Response Algorithm}, June 2011\\
%\texttt{https://tools.ietf.org/html/rfc6287}

% Xiao Lan 
